@book{Aula,
 author    = "E. Colombini",
 title     = "Notas de aula MC906/MO416",
 publisher = "Unicamp",
 year      = "2016"
}


@misc{naoqi,
  author = {Aldebaran Inc},
  title = {{NAOqi Framework}},
  howpublished = "\url{http://doc.aldebaran.com/2-1/ref/index.html}",
  year = {2016}
} 

@misc{pybrain,
  author = {PyBrain},
  title = {{PyBrain}},
  howpublished = "\url{http://pybrain.org/}",
  year = {2016}
} 

